@misc{ADM:Witten,
	note = "R.~Arnowitt, S.~Deser, and C.W.~Misner, in {\it Gravitation: An Introduction to Current 
	Research} edited by L.~Witten (Wiley, 1962) 227--265."
}

@Book{Misner:1974qy,
     author    = "Misner, C. W. and Thorne, K. S. and Wheeler, J. A",
     title     = "Gravitation",
     publisher = "Freeman",
     year = "1973",
     numpages = "1279"
}